<?xml version="1.0" encoding="UTF-8" ?><marc:collection xmlns:marc="http://www.loc.gov/MARC21/slim" xmlns:xsi="http://www.w3.org/2001/XMLSchema-instance" xsi:schemaLocation="http://www.loc.gov/MARC21/slim http://www.loc.gov/standards/marcxml/schema/MARC21slim.xsd">
<marc:record><marc:leader>02854cam a2200457Ii 4500</marc:leader>
<marc:controlfield tag="001">b13112739</marc:controlfield>
<marc:controlfield tag="003">UaCaAUL</marc:controlfield><marc:controlfield tag="005">20170219045122.0</marc:controlfield><marc:controlfield tag="008">871110s1954    ua       b    001 0 ara c</marc:controlfield><marc:datafield tag="010" ind1=" " ind2=" "><marc:subfield code="a">ne 61000056</marc:subfield></marc:datafield><marc:datafield tag="035" ind1=" " ind2=" "><marc:subfield code="a">(OCoLC)16962791</marc:subfield><marc:subfield code="z">(OCoLC)28935373</marc:subfield><marc:subfield code="z">(OCoLC)264658523</marc:subfield><marc:subfield code="z">(OCoLC)419292965</marc:subfield><marc:subfield code="z">(OCoLC)642427848</marc:subfield></marc:datafield><marc:datafield tag="040" ind1=" " ind2=" "><marc:subfield code="a">CLU</marc:subfield><marc:subfield code="b">eng</marc:subfield><marc:subfield code="e">rda</marc:subfield><marc:subfield code="c">CLU</marc:subfield><marc:subfield code="d">DRP</marc:subfield><marc:subfield code="d">IUL</marc:subfield><marc:subfield code="d">CUY</marc:subfield><marc:subfield code="d">DLC</marc:subfield><marc:subfield code="d">OCLCQ</marc:subfield><marc:subfield code="d">OCLCF</marc:subfield><marc:subfield code="d">OSU</marc:subfield><marc:subfield code="d">OCL</marc:subfield><marc:subfield code="d">ZCU</marc:subfield><marc:subfield code="d">MEAUC</marc:subfield></marc:datafield><marc:datafield tag="042" ind1=" " ind2=" "><marc:subfield code="a">pcc</marc:subfield></marc:datafield><marc:datafield tag="049" ind1=" " ind2=" "><marc:subfield code="a">MAIN</marc:subfield></marc:datafield><marc:datafield tag="050" ind1=" " ind2="4"><marc:subfield code="a">BP130.2</marc:subfield><marc:subfield code="b">.J4 1954</marc:subfield></marc:datafield><marc:datafield tag="066" ind1=" " ind2=" "><marc:subfield code="c">(3</marc:subfield></marc:datafield><marc:datafield tag="090" ind1=" " ind2=" "><marc:subfield code="a">BP130.2</marc:subfield><marc:subfield code="b">.J4 1954</marc:subfield></marc:datafield><marc:datafield tag="100" ind1="1" ind2=" "><marc:subfield code="6">880-01</marc:subfield><marc:subfield code="a">Jeffery, Arthur,</marc:subfield><marc:subfield code="e">compiler.</marc:subfield></marc:datafield><marc:datafield tag="245" ind1="1" ind2="0"><marc:subfield code="6">880-02</marc:subfield><marc:subfield code="a">Muqaddimatān fī ʻulūm al-Qurʼān :</marc:subfield><marc:subfield code="b">wa-humā muqaddimat Kitāb al-Mabānī wa-muqaddimat Ibn ʻAṭīyah /</marc:subfield><marc:subfield code="c">nasharahumā min al-makhṭūtāt al-maḥfuẓah fī Dār al-kutub bi-Bīrlīn, wa-Dār al-Kutub al-Miṣrīyah wa-waqafa ʻalá ṭaṣḥīhuma wa-tabʻihuma Arthūr Jifrī.</marc:subfield></marc:datafield><marc:datafield tag="246" ind1="3" ind2="0"><marc:subfield code="6">880-03</marc:subfield><marc:subfield code="a">Mabānī fī naẓm al-maʻānī.</marc:subfield></marc:datafield><marc:datafield tag="246" ind1="1" ind2="5"><marc:subfield code="a">Two muqaddimas to the Qurʼanic sciences :</marc:subfield><marc:subfield code="b">the Muqaddima to the Kitab al-Mabani and the Muqaddima of Ibn ʻAtiyya to his tafsir, edited from the MSS in Berlin and in Cairo.</marc:subfield></marc:datafield><marc:datafield tag="264" ind1=" " ind2="1"><marc:subfield code="6">880-04</marc:subfield><marc:subfield code="a">Miṣr :</marc:subfield><marc:subfield code="b">Maktaba al-Khānijī,</marc:subfield><marc:subfield code="c">1954.</marc:subfield></marc:datafield><marc:datafield tag="300" ind1=" " ind2=" "><marc:subfield code="a">323 pages ;</marc:subfield><marc:subfield code="c">24 cm.</marc:subfield></marc:datafield><marc:datafield tag="336" ind1=" " ind2=" "><marc:subfield code="a">text</marc:subfield><marc:subfield code="b">txt</marc:subfield><marc:subfield code="2">rdacontent.</marc:subfield></marc:datafield><marc:datafield tag="337" ind1=" " ind2=" "><marc:subfield code="a">unmediated</marc:subfield><marc:subfield code="b">n</marc:subfield><marc:subfield code="2">rdamedia.</marc:subfield></marc:datafield><marc:datafield tag="338" ind1=" " ind2=" "><marc:subfield code="a">volume</marc:subfield><marc:subfield code="b">nc</marc:subfield><marc:subfield code="2">rdacarrier.</marc:subfield></marc:datafield><marc:datafield tag="504" ind1=" " ind2=" "><marc:subfield code="a">Includes bibliographical references and index.</marc:subfield></marc:datafield><marc:datafield tag="505" ind1="0" ind2=" "><marc:subfield code="6">880-05</marc:subfield><marc:subfield code="a">Muqaddimat Kitāb al-mabānī li-naẓm al-maʻānī, li-muʼallif ghayr maʻrūf -- Muqaddimat Ibn ʻAṭīyah li-Tafsīrih al-musammá al-Jāmiʻ al-muḥarrar.</marc:subfield></marc:datafield><marc:datafield tag="630" ind1="0" ind2="0"><marc:subfield code="a">Qurʼan</marc:subfield><marc:subfield code="x">Criticism, interpretation, etc.</marc:subfield></marc:datafield><marc:datafield tag="630" ind1="0" ind2="0"><marc:subfield code="a">Qurʼan</marc:subfield><marc:subfield code="x">Hermeneutics.</marc:subfield></marc:datafield><marc:datafield tag="700" ind1="1" ind2=" "><marc:subfield code="6">880-06</marc:subfield><marc:subfield code="a">Ibn ʻAṭīyah, ʻAbd al-Ḥaqq ibn Ghālib,</marc:subfield><marc:subfield code="d">-approximately 1147.</marc:subfield><marc:subfield code="t">Jāmiʻ al-muḥarrar.</marc:subfield><marc:subfield code="p">Muqaddimah.</marc:subfield></marc:datafield><marc:datafield tag="880" ind1="1" ind2=" "><marc:subfield code="6">100-01/(3/r</marc:subfield><marc:subfield code="a">جفري، أرثر..</marc:subfield></marc:datafield><marc:datafield tag="880" ind1="1" ind2="0"><marc:subfield code="6">245-02/(3/r</marc:subfield><marc:subfield code="a">مقدمتان في علوم القرآن :</marc:subfield><marc:subfield code="b">وهما مقدمة كتاب المباني ومقدمة ابن عطية /</marc:subfield><marc:subfield code="c">نشرهما من المخطوطات المحفوظة في دار الكتب ببرلين ودار الكتب المصرية، ووقف على تصحيحهما وطبعهما أرثر جفري..</marc:subfield></marc:datafield><marc:datafield tag="880" ind1="3" ind2="0"><marc:subfield code="6">246-03/(3/r</marc:subfield><marc:subfield code="a">مباني في نظم المعاني.</marc:subfield></marc:datafield><marc:datafield tag="880" ind1=" " ind2="1"><marc:subfield code="6">264-04/(3/r</marc:subfield><marc:subfield code="a">مصر :</marc:subfield><marc:subfield code="b">مكتبة الخانجي،</marc:subfield><marc:subfield code="c">1954.</marc:subfield></marc:datafield><marc:datafield tag="880" ind1="0" ind2=" "><marc:subfield code="6">505-05/(3/r</marc:subfield><marc:subfield code="a">مقدمة كتاب المباني لنظم المعاني، لمؤلف غير معروف -- مقدمة ابن عطية لتفسيره المسمى الجامع المحرر..</marc:subfield></marc:datafield><marc:datafield tag="880" ind1="1" ind2=" "><marc:subfield code="6">700-06/(3/r</marc:subfield><marc:subfield code="a">ابن عطية، عبد الحق بن غالب،</marc:subfield><marc:subfield code="d">-approximately 1147.</marc:subfield><marc:subfield code="t">جامع المحرر.</marc:subfield><marc:subfield code="p">مقدمة..</marc:subfield></marc:datafield><marc:datafield tag="907" ind1=" " ind2=" "><marc:subfield code="a">.b13112739</marc:subfield><marc:subfield code="b">main </marc:subfield></marc:datafield><marc:datafield tag="902" ind1=" " ind2=" "><marc:subfield code="a">170420</marc:subfield></marc:datafield><marc:datafield tag="998" ind1=" " ind2=" "><marc:subfield code="b">1</marc:subfield><marc:subfield code="c">041024</marc:subfield><marc:subfield code="d">m</marc:subfield><marc:subfield code="e">a</marc:subfield><marc:subfield code="f">-</marc:subfield><marc:subfield code="g">0</marc:subfield><marc:subfield code="k">USA</marc:subfield></marc:datafield><marc:datafield tag="945" ind1=" " ind2=" "><marc:subfield code="l">main </marc:subfield></marc:datafield></marc:record>
</marc:collection>
